%YAML 1.1
%TAG !u! tag:unity3d.com,2011:
--- !u!1 &1413426310237527568
GameObject:
  m_ObjectHideFlags: 0
  m_CorrespondingSourceObject: {fileID: 0}
  m_PrefabInstance: {fileID: 0}
  m_PrefabAsset: {fileID: 0}
  serializedVersion: 6
  m_Component:
  - component: {fileID: 1413426310237527570}
  - component: {fileID: 1413426310237527569}
  m_Layer: 0
  m_Name: Directional Light
  m_TagString: Untagged
  m_Icon: {fileID: 0}
  m_NavMeshLayer: 0
  m_StaticEditorFlags: 0
  m_IsActive: 1
--- !u!4 &1413426310237527570
Transform:
  m_ObjectHideFlags: 0
  m_CorrespondingSourceObject: {fileID: 0}
  m_PrefabInstance: {fileID: 0}
  m_PrefabAsset: {fileID: 0}
  m_GameObject: {fileID: 1413426310237527568}
  m_LocalRotation: {x: 0.40821788, y: -0.23456968, z: 0.10938163, w: 0.8754261}
  m_LocalPosition: {x: 2.0070105, y: 3.0360732, z: 6.063916}
  m_LocalScale: {x: 1, y: 1, z: 1}
  m_Children: []
  m_Father: {fileID: 1413426311096648950}
  m_RootOrder: 2
  m_LocalEulerAnglesHint: {x: 50, y: -30, z: 0}
--- !u!108 &1413426310237527569
Light:
  m_ObjectHideFlags: 0
  m_CorrespondingSourceObject: {fileID: 0}
  m_PrefabInstance: {fileID: 0}
  m_PrefabAsset: {fileID: 0}
  m_GameObject: {fileID: 1413426310237527568}
  m_Enabled: 1
  serializedVersion: 8
  m_Type: 1
  m_Color: {r: 1, g: 0.95686275, b: 0.8392157, a: 1}
  m_Intensity: 1
  m_Range: 10
  m_SpotAngle: 30
  m_CookieSize: 10
  m_Shadows:
    m_Type: 2
    m_Resolution: -1
    m_CustomResolution: -1
    m_Strength: 1
    m_Bias: 0.05
    m_NormalBias: 0.4
    m_NearPlane: 0.2
  m_Cookie: {fileID: 0}
  m_DrawHalo: 0
  m_Flare: {fileID: 0}
  m_RenderMode: 0
  m_CullingMask:
    serializedVersion: 2
    m_Bits: 4294967295
  m_Lightmapping: 4
  m_LightShadowCasterMode: 0
  m_AreaSize: {x: 1, y: 1}
  m_BounceIntensity: 1
  m_ColorTemperature: 6570
  m_UseColorTemperature: 0
  m_ShadowRadius: 0
  m_ShadowAngle: 0
--- !u!1 &1413426311096648949
GameObject:
  m_ObjectHideFlags: 0
  m_CorrespondingSourceObject: {fileID: 0}
  m_PrefabInstance: {fileID: 0}
  m_PrefabAsset: {fileID: 0}
  serializedVersion: 6
  m_Component:
  - component: {fileID: 1413426311096648950}
  m_Layer: 0
  m_Name: Experiment Scene Setting
  m_TagString: Untagged
  m_Icon: {fileID: 0}
  m_NavMeshLayer: 0
  m_StaticEditorFlags: 0
  m_IsActive: 1
--- !u!4 &1413426311096648950
Transform:
  m_ObjectHideFlags: 0
  m_CorrespondingSourceObject: {fileID: 0}
  m_PrefabInstance: {fileID: 0}
  m_PrefabAsset: {fileID: 0}
  m_GameObject: {fileID: 1413426311096648949}
  m_LocalRotation: {x: 0, y: 0, z: 0, w: 1}
  m_LocalPosition: {x: -2.0070105, y: -0.036073208, z: -6.063916}
  m_LocalScale: {x: 1, y: 1, z: 1}
  m_Children:
  - {fileID: 8473624350636269408}
  - {fileID: 982357848495637862}
  - {fileID: 1413426310237527570}
  - {fileID: 881131141324731396}
  m_Father: {fileID: 0}
  m_RootOrder: 0
  m_LocalEulerAnglesHint: {x: 0, y: 0, z: 0}
--- !u!1001 &1413426311287983476
PrefabInstance:
  m_ObjectHideFlags: 0
  serializedVersion: 2
  m_Modification:
    m_TransformParent: {fileID: 1413426311096648950}
    m_Modifications:
    - target: {fileID: 2179591586443462700, guid: 139d0f009ae6e914397498770b46fbc0,
        type: 3}
      propertyPath: m_Name
      value: GodFingerManager
      objectReference: {fileID: 0}
    - target: {fileID: 2179591586443462674, guid: 139d0f009ae6e914397498770b46fbc0,
        type: 3}
      propertyPath: m_LocalPosition.x
      value: 2.0070105
      objectReference: {fileID: 0}
    - target: {fileID: 2179591586443462674, guid: 139d0f009ae6e914397498770b46fbc0,
        type: 3}
      propertyPath: m_LocalPosition.y
      value: 0.036073208
      objectReference: {fileID: 0}
    - target: {fileID: 2179591586443462674, guid: 139d0f009ae6e914397498770b46fbc0,
        type: 3}
      propertyPath: m_LocalPosition.z
      value: 6.063916
      objectReference: {fileID: 0}
    - target: {fileID: 2179591586443462674, guid: 139d0f009ae6e914397498770b46fbc0,
        type: 3}
      propertyPath: m_LocalRotation.x
      value: -0
      objectReference: {fileID: 0}
    - target: {fileID: 2179591586443462674, guid: 139d0f009ae6e914397498770b46fbc0,
        type: 3}
      propertyPath: m_LocalRotation.y
      value: -0
      objectReference: {fileID: 0}
    - target: {fileID: 2179591586443462674, guid: 139d0f009ae6e914397498770b46fbc0,
        type: 3}
      propertyPath: m_LocalRotation.z
      value: -0
      objectReference: {fileID: 0}
    - target: {fileID: 2179591586443462674, guid: 139d0f009ae6e914397498770b46fbc0,
        type: 3}
      propertyPath: m_LocalRotation.w
      value: 1
      objectReference: {fileID: 0}
    - target: {fileID: 2179591586443462674, guid: 139d0f009ae6e914397498770b46fbc0,
        type: 3}
      propertyPath: m_RootOrder
      value: 1
      objectReference: {fileID: 0}
    - target: {fileID: 2179591586443462674, guid: 139d0f009ae6e914397498770b46fbc0,
        type: 3}
      propertyPath: m_LocalEulerAnglesHint.x
      value: 0
      objectReference: {fileID: 0}
    - target: {fileID: 2179591586443462674, guid: 139d0f009ae6e914397498770b46fbc0,
        type: 3}
      propertyPath: m_LocalEulerAnglesHint.y
      value: 0
      objectReference: {fileID: 0}
    - target: {fileID: 2179591586443462674, guid: 139d0f009ae6e914397498770b46fbc0,
        type: 3}
      propertyPath: m_LocalEulerAnglesHint.z
      value: 0
      objectReference: {fileID: 0}
    m_RemovedComponents: []
  m_SourcePrefab: {fileID: 100100000, guid: 139d0f009ae6e914397498770b46fbc0, type: 3}
--- !u!4 &982357848495637862 stripped
Transform:
  m_CorrespondingSourceObject: {fileID: 2179591586443462674, guid: 139d0f009ae6e914397498770b46fbc0,
    type: 3}
  m_PrefabInstance: {fileID: 1413426311287983476}
  m_PrefabAsset: {fileID: 0}
--- !u!1001 &1413426311836833940
PrefabInstance:
  m_ObjectHideFlags: 0
  serializedVersion: 2
  m_Modification:
    m_TransformParent: {fileID: 1413426311096648950}
    m_Modifications:
    - target: {fileID: 7351321335814932473, guid: 647865d5b9316de42ab30cbd0cf24060,
        type: 3}
      propertyPath: m_Name
      value: Main Camera
      objectReference: {fileID: 0}
    - target: {fileID: 7351321335814932468, guid: 647865d5b9316de42ab30cbd0cf24060,
        type: 3}
      propertyPath: m_LocalPosition.x
      value: 9.50701
      objectReference: {fileID: 0}
    - target: {fileID: 7351321335814932468, guid: 647865d5b9316de42ab30cbd0cf24060,
        type: 3}
      propertyPath: m_LocalPosition.y
      value: 1.5360732
      objectReference: {fileID: 0}
    - target: {fileID: 7351321335814932468, guid: 647865d5b9316de42ab30cbd0cf24060,
        type: 3}
      propertyPath: m_LocalPosition.z
      value: 6.063916
      objectReference: {fileID: 0}
    - target: {fileID: 7351321335814932468, guid: 647865d5b9316de42ab30cbd0cf24060,
        type: 3}
      propertyPath: m_LocalRotation.x
      value: 0.049325276
      objectReference: {fileID: 0}
    - target: {fileID: 7351321335814932468, guid: 647865d5b9316de42ab30cbd0cf24060,
        type: 3}
      propertyPath: m_LocalRotation.y
      value: -0.7053843
      objectReference: {fileID: 0}
    - target: {fileID: 7351321335814932468, guid: 647865d5b9316de42ab30cbd0cf24060,
        type: 3}
      propertyPath: m_LocalRotation.z
      value: 0.049325276
      objectReference: {fileID: 0}
    - target: {fileID: 7351321335814932468, guid: 647865d5b9316de42ab30cbd0cf24060,
        type: 3}
      propertyPath: m_LocalRotation.w
      value: 0.7053843
      objectReference: {fileID: 0}
    - target: {fileID: 7351321335814932468, guid: 647865d5b9316de42ab30cbd0cf24060,
        type: 3}
      propertyPath: m_RootOrder
      value: 0
      objectReference: {fileID: 0}
    - target: {fileID: 7351321335814932468, guid: 647865d5b9316de42ab30cbd0cf24060,
        type: 3}
      propertyPath: m_LocalEulerAnglesHint.x
      value: 8
      objectReference: {fileID: 0}
    - target: {fileID: 7351321335814932468, guid: 647865d5b9316de42ab30cbd0cf24060,
        type: 3}
      propertyPath: m_LocalEulerAnglesHint.y
      value: -90
      objectReference: {fileID: 0}
    - target: {fileID: 7351321335814932468, guid: 647865d5b9316de42ab30cbd0cf24060,
        type: 3}
      propertyPath: m_LocalEulerAnglesHint.z
      value: 0
      objectReference: {fileID: 0}
    m_RemovedComponents: []
  m_SourcePrefab: {fileID: 100100000, guid: 647865d5b9316de42ab30cbd0cf24060, type: 3}
--- !u!4 &8473624350636269408 stripped
Transform:
  m_CorrespondingSourceObject: {fileID: 7351321335814932468, guid: 647865d5b9316de42ab30cbd0cf24060,
    type: 3}
  m_PrefabInstance: {fileID: 1413426311836833940}
  m_PrefabAsset: {fileID: 0}
--- !u!1001 &1413426311864490303
PrefabInstance:
  m_ObjectHideFlags: 0
  serializedVersion: 2
  m_Modification:
    m_TransformParent: {fileID: 1413426311096648950}
    m_Modifications:
    - target: {fileID: 2280817743218240775, guid: 995f0d15509240f419c5e4f1ea2a4d92,
        type: 3}
      propertyPath: m_Name
      value: Playground
      objectReference: {fileID: 0}
    - target: {fileID: 2280817743218240827, guid: 995f0d15509240f419c5e4f1ea2a4d92,
        type: 3}
      propertyPath: m_LocalPosition.x
      value: 2.0070105
      objectReference: {fileID: 0}
    - target: {fileID: 2280817743218240827, guid: 995f0d15509240f419c5e4f1ea2a4d92,
        type: 3}
      propertyPath: m_LocalPosition.y
      value: -0.9639268
      objectReference: {fileID: 0}
    - target: {fileID: 2280817743218240827, guid: 995f0d15509240f419c5e4f1ea2a4d92,
        type: 3}
      propertyPath: m_LocalPosition.z
      value: 6.063916
      objectReference: {fileID: 0}
    - target: {fileID: 2280817743218240827, guid: 995f0d15509240f419c5e4f1ea2a4d92,
        type: 3}
      propertyPath: m_LocalRotation.x
      value: -0
      objectReference: {fileID: 0}
    - target: {fileID: 2280817743218240827, guid: 995f0d15509240f419c5e4f1ea2a4d92,
        type: 3}
      propertyPath: m_LocalRotation.y
      value: -0
      objectReference: {fileID: 0}
    - target: {fileID: 2280817743218240827, guid: 995f0d15509240f419c5e4f1ea2a4d92,
        type: 3}
      propertyPath: m_LocalRotation.z
      value: -0
      objectReference: {fileID: 0}
    - target: {fileID: 2280817743218240827, guid: 995f0d15509240f419c5e4f1ea2a4d92,
        type: 3}
      propertyPath: m_LocalRotation.w
      value: 1
      objectReference: {fileID: 0}
    - target: {fileID: 2280817743218240827, guid: 995f0d15509240f419c5e4f1ea2a4d92,
        type: 3}
      propertyPath: m_RootOrder
      value: 3
      objectReference: {fileID: 0}
    - target: {fileID: 2280817743218240827, guid: 995f0d15509240f419c5e4f1ea2a4d92,
        type: 3}
      propertyPath: m_LocalEulerAnglesHint.x
      value: 0
      objectReference: {fileID: 0}
    - target: {fileID: 2280817743218240827, guid: 995f0d15509240f419c5e4f1ea2a4d92,
        type: 3}
      propertyPath: m_LocalEulerAnglesHint.y
      value: 0
      objectReference: {fileID: 0}
    - target: {fileID: 2280817743218240827, guid: 995f0d15509240f419c5e4f1ea2a4d92,
        type: 3}
      propertyPath: m_LocalEulerAnglesHint.z
      value: 0
      objectReference: {fileID: 0}
    m_RemovedComponents: []
  m_SourcePrefab: {fileID: 100100000, guid: 995f0d15509240f419c5e4f1ea2a4d92, type: 3}
--- !u!4 &881131141324731396 stripped
Transform:
  m_CorrespondingSourceObject: {fileID: 2280817743218240827, guid: 995f0d15509240f419c5e4f1ea2a4d92,
    type: 3}
  m_PrefabInstance: {fileID: 1413426311864490303}
  m_PrefabAsset: {fileID: 0}
